<record><leader>00000cas a2200000 a 4500</leader><controlfield tag="001">27110097</controlfield><controlfield tag="008">921211d1uuu19uuiluwr ne      0   a0eng c</controlfield><datafield ind1=" " ind2=" " tag="010"><subfield code="a">sn 92054683 </subfield></datafield><datafield ind1=" " ind2=" " tag="040"><subfield code="a">NVF</subfield><subfield code="b">eng</subfield><subfield code="c">NVF</subfield><subfield code="d">NVF</subfield><subfield code="d">OCLCF</subfield><subfield code="d">OCLCO</subfield><subfield code="d">NVF</subfield></datafield><datafield ind1=" " ind2=" " tag="042"><subfield code="a">pcc</subfield></datafield><datafield ind1=" " ind2=" " tag="043"><subfield code="a">n-us-il</subfield></datafield><datafield ind1="0" ind2=" " tag="130"><subfield code="a">Progress (Johnston City, Ill.)</subfield></datafield><datafield ind1="1" ind2="4" tag="245"><subfield code="a">The progress.</subfield></datafield><datafield ind1="1" ind2="3" tag="246"><subfield code="a">Johnston City progress</subfield></datafield><datafield ind1=" " ind2=" " tag="260"><subfield code="a">Johnston City, Ill. :</subfield><subfield code="b">R.W. Jones</subfield></datafield><datafield ind1=" " ind2=" " tag="300"><subfield code="a">v.</subfield></datafield><datafield ind1=" " ind2=" " tag="310"><subfield code="a">Weekly</subfield></datafield><datafield ind1=" " ind2=" " tag="588"><subfield code="a">Description based on: Vol. 9, no. 17 (June 22, 1905).</subfield></datafield><datafield ind1=" " ind2=" " tag="588"><subfield code="a">Latest issue consulted: Vol. 9, no. 17 (June 22, 1905).</subfield></datafield><datafield ind1=" " ind2="0" tag="651"><subfield code="a">Johnston City (Ill.)</subfield><subfield code="v">Newspapers.</subfield></datafield><datafield ind1=" " ind2="0" tag="651"><subfield code="a">Williamson County (Ill.)</subfield><subfield code="v">Newspapers.</subfield></datafield><datafield ind1=" " ind2="7" tag="651"><subfield code="a">Illinois</subfield><subfield code="z">Johnston City.</subfield><subfield code="2">fast</subfield><subfield code="0">(OCoLC)fst01203179</subfield></datafield><datafield ind1=" " ind2="7" tag="651"><subfield code="a">Illinois</subfield><subfield code="z">Williamson County.</subfield><subfield code="2">fast</subfield><subfield code="0">(OCoLC)fst01214871</subfield></datafield><datafield ind1=" " ind2="7" tag="655"><subfield code="a">Newspapers.</subfield><subfield code="2">fast</subfield><subfield code="0">(OCoLC)fst01423814</subfield></datafield><datafield ind1=" " ind2=" " tag="752"><subfield code="a">United States</subfield><subfield code="b">Illinois</subfield><subfield code="c">Williamson County</subfield><subfield code="d">Johnston City.</subfield></datafield><datafield ind1="0" ind2="0" tag="785"><subfield code="t">Johnston City progress (Johnston City, Ill.)</subfield><subfield code="w">(DLC)sn 92054684</subfield><subfield code="w">(OCoLC)27110214</subfield></datafield><datafield ind1="1" ind2=" " tag="029"><subfield code="a">AU@</subfield><subfield code="b">000020751752</subfield></datafield></record>